symbol,industry,period,year,quarter,net_revenue,gross_profit,operating_profit,ebit,net_profit,gross_profit_margin,operating_profit_margin,pretax_profit_margin,net_profit_margin
MWG,,Q1 2013,2013,1,2042604409558.0,312361741201.0,55795136245.0,56405577941.0,41912496709.0,15.292326783363405,2.731568383183581,2.761453841823715,2.0519145319024092
MWG,,Q3 2013,2013,3,2428318354925.0,369565953839.0,111151788399.0,110842209213.0,80969220598.0,15.219007552673801,4.577315333204447,4.56456662645551,3.334374194956031
MWG,,Q1 2014,2014,1,3487825486466.0,544601206122.0,215002228415.0,215395388007.0,166212980645.0,15.614347914918502,6.164363132538738,6.1756354738162935,4.765518839459294
MWG,,Q2 2014,2014,2,3487062200323.0,526872366029.0,182684431395.0,184868425569.0,142183801628.0,15.109348091932423,5.238920928283938,5.301552279505539,4.077466745928128
MWG,,Q3 2014,2014,3,3945122507327.0,633942684833.0,222060463886.0,227287844187.0,175231381483.0,16.06902405833083,5.628734303524989,5.761236660328651,4.441722181188417
MWG,,Q4 2014,2014,4,4836715662560.0,690703142327.0,236571838013.0,240645785331.0,184477868076.0,14.280416516389169,4.891166951248611,4.975396573211621,3.814114389729469
MWG,,Q1 2015,2015,1,5496480547914.0,801115991273.0,297714409188.0,300126972512.0,231560350210.0,14.575071889903004,5.416455249732254,5.460348124508561,4.212884011713291
MWG,,Q2 2015,2015,2,5363271202691.0,812902089223.0,281424713252.0,286836401388.0,221181685567.0,15.156833553655268,5.247258671364526,5.348161421411637,4.1240071070063165
MWG,,Q3 2015,2015,3,6646720907375.0,1023872607369.0,360944315307.0,371034334240.0,287299192383.0,15.404176309448198,5.430411782545392,5.582216244830011,4.322419978010834
MWG,,Q4 2015,2015,4,7746260421264.0,1284540206009.0,422257156252.0,427786079554.0,331852291239.0,16.582713931006655,5.451109739260457,5.522485125592973,4.284032206405602
MWG,,Q1 2016,2016,1,9627014411874.0,1589193994149.0,518846421224.0,524927089887.0,417790778118.0,16.507651553828374,5.38948420586192,5.452646764915535,4.339775139452322
MWG,,Q2 2016,2016,2,10022583437224.0,1594695522291.0,517471610474.0,525312730087.0,416656638437.0,15.911022664758079,5.163056149296836,5.241290664999425,4.1571780474237015
MWG,,Q3 2016,2016,3,11126307507765.0,1834279483542.0,518178145356.0,498682422049.0,387306874232.0,16.485967894217058,4.657233722817438,4.482011859738478,3.4810009876295465
MWG,,Q4 2016,2016,4,13837427316125.0,2195937312580.0,452375173544.0,456988272900.0,355614537352.0,15.869549031134097,3.26921445156817,3.3025522914036447,2.5699469216911153
MWG,,Q1 2017,2017,1,15586036807941.0,2651962636725.0,703505754706.0,705608551952.0,557814014790.0,17.014990208247422,4.513692373340012,4.52718391882981,3.578934283703198
MWG,,Q2 2017,2017,2,15654245437545.0,2621871673459.0,647616798431.0,650410162131.0,511166965837.0,16.748630165020455,4.137004246003207,4.15484837468475,3.265356786926451
MWG,,Q3 2017,2017,3,16380821570840.0,2823731985216.0,716294481171.0,719250703350.0,564760585870.0,17.238036401315863,4.372762856083468,4.390809705359102,3.4476938987928882
MWG,,Q4 2017,2017,4,18718700375852.0,3044212971543.0,728026741562.0,734042615213.0,571938063923.0,16.26295047422297,3.8893017514249473,3.9214400598021717,3.055436822210301
MWG,,Q1 2018,2018,1,22763519750570.0,3974763408788.0,1038784862162.0,1042985027628.0,807364271657.0,17.461110813886645,4.563375407425685,4.581826708068218,3.546746199637178
MWG,,Q2 2018,2018,2,21806933821737.0,3861641561350.0,965030927222.0,968242972018.0,731968384767.0,17.708319715726116,4.425339825904658,4.4400692914143765,3.3565855280276913
MWG,,Q3 2018,2018,3,20907582696042.0,3702551200708.0,854343455912.0,856152481258.0,647365345687.0,17.709130962370544,4.086285192949327,4.094937677420153,3.0963184749691424
MWG,,Q4 2018,2018,4,21038250734150.0,3753171592218.0,916023167040.0,918938088015.0,692026128797.0,17.839751220978293,4.354084275424478,4.36793961450107,3.289371048676019
MWG,,Q1 2019,2019,1,25017409669965.0,4433777897397.0,1331392243779.0,1341158154289.0,1040440771716.0,17.722769686743522,5.321862900048447,5.360899357614734,4.158866906852933
MWG,,Q2 2019,2019,2,26603758974907.0,4748417207807.0,1392800112243.0,1395617277771.0,1079178522876.0,17.84867022846571,5.235350814735265,5.245940166152323,4.056488873974143
MWG,,Q3 2019,2019,3,25142085940340.0,4940556989101.0,1136427967214.0,1137102315885.0,855080927073.0,19.65054530807235,4.520022602383293,4.5227047532302835,3.4009943689717446
MWG,,Q4 2019,2019,4,25410989391511.0,5365047209406.0,1174063108341.0,1179569456751.0,859569325382.0,21.113098458095813,4.620296715928806,4.641965877743653,3.382667680264172
MWG,,Q1 2020,2020,1,29353213419516.0,6159970416264.0,1542672013436.0,1544061345702.0,1131519014830.0,20.985676519383855,5.25554729353866,5.260280445736151,3.854838646312195
MWG,,Q2 2020,2020,2,26285559012763.0,5770141784886.0,1262259100661.0,1253662361959.0,893911685549.0,21.951756027270704,4.802101032160312,4.769395854774411,3.400771066405548
MWG,,Q3 2020,2020,3,25713553885574.0,5749720009774.0,1279239845942.0,1278279929468.0,950539857407.0,22.360658644699242,4.974963210587893,4.971230095833426,3.696649096569567
MWG,,Q4 2020,2020,4,27193693347559.0,6274665061539.0,1328358972915.0,1333731770224.0,941797225373.0,23.073971532087736,4.884805296350957,4.9045628086547515,3.4632928059311925
MWG,,Q1 2021,2021,1,30828143814873.0,7024945551502.0,1823976591260.0,1827568934141.0,1337968607833.0,22.787442519042692,5.916595569987009,5.928248373031436,4.340088121645192
MWG,,Q2 2021,2021,2,31658418853105.0,7143583385671.0,1628200473034.0,1625970525968.0,1213029685285.0,22.56456147989327,5.143025242634027,5.135981469929058,3.831618031568334
MWG,,Q3 2021,2021,3,24333213525693.0,6088713325766.0,965787264168.0,968131160753.0,785385401306.0,25.022232757449146,3.9690082986706328,3.9786407978163996,3.2276271297941217
MWG,,Q4 2021,2021,4,36138329909503.0,7374889732595.0,2026737523831.0,2049913129681.0,1562485583796.0,20.407389470025525,5.608276666094759,5.672406928638811,4.323624217579368
MWG,,Q1 2022,2022,1,36466676618650.0,8124264091499.0,1997371218023.0,2002993629475.0,1444465283401.0,22.27859746161799,5.47725047420826,5.492668417309565,3.9610554548375356
MWG,,Q2 2022,2022,2,34337739971773.0,7336418239260.0,1965811448883.0,1702143324153.0,1130010994744.0,21.365466234210025,5.724929626990524,4.9570627698626355,3.290871780358621
MWG,,Q3 2022,2022,3,32011979847627.0,7392024379589.0,1647300567729.0,1417840145809.0,906245995691.0,23.091431441523163,5.1458878069083624,4.429092335299913,2.830958909772582
MWG,,Q4 2022,2022,4,30588381152474.0,7929508657513.0,964210463949.0,933378274121.0,619040753469.0,25.923270074302895,3.15221148560526,3.051414422582177,2.0237774283747334
MWG,,Q1 2023,2023,1,27105812022449.0,5214499851787.0,168427315160.0,158966581661.0,21266943546.0,19.237571069512168,0.6213697454276917,0.5864667752043143,0.07845897967707717
PNJ,,Q3 2005,2005,3,51591971304.0,12725198762.0,1737710304.0,1805487811.0,1552719517.0,24.665075670433623,3.368179699435662,3.499551898029564,3.0096146314138132
PNJ,,Q1 2008,2008,1,1074603335133.0,95143106243.0,55600578919.0,57769838638.0,41383897520.0,8.85378847546797,5.174056054099116,5.375922142550397,3.8510858999779725
PNJ,,Q2 2008,2008,2,1127621375161.0,71340453140.0,14364710832.0,16666178947.0,13062837347.0,6.326631856354632,1.2738948682973512,1.4779942376154789,1.1584417992373468
PNJ,,Q3 2008,2008,3,1140936179401.0,78510565979.0,48529276131.0,51570887969.0,37478115157.0,6.881240808773251,4.253461061816642,4.520050192121623,3.2848564042097683
PNJ,,Q4 2008,2008,4,835656734877.0,105946545258.0,47232091890.0,50139292143.0,41757042690.0,12.6782374671574,5.652092530188496,5.999986603396428,4.996913319456009
PNJ,,Q1 2009,2009,1,4699452963461.0,174284668073.0,96704807354.0,100234527443.0,73389964770.0,3.7086160757026665,2.057788600202947,2.1328977696412648,1.5616703761186406
PNJ,,Q2 2009,2009,2,2144237068553.0,94164757706.0,52681188098.0,55741117408.0,43323559958.0,4.391527368265553,2.4568733033587073,2.599578107546471,2.020465021959355
PNJ,,Q3 2009,2009,3,1301125934880.0,105740272661.0,51040945280.0,52831597062.0,39975824031.0,8.126828451140835,3.9228289830920477,4.060452231848913,3.0724023677759433
PNJ,,Q4 2009,2009,4,2060975918670.0,120244421303.0,62459451200.0,65305366831.0,49061860692.0,5.834343827782169,3.0305764678854987,3.168662294372814,2.380515960791083
PNJ,,Q1 2010,2010,1,1942401855006.0,150113313242.0,79837991176.0,82340753033.0,61877675049.0,7.72823156316108,4.110271567659381,4.239120386998685,3.1856268510827213
PNJ,,Q2 2010,2010,2,4258447848046.0,127664634554.0,67901820984.0,77121884644.0,62730677751.0,2.997914712342415,1.5945204310804681,1.8110327376531705,1.4730878477186033
PNJ,,Q3 2010,2010,3,4769439056277.0,123490812474.0,70406456860.0,73370189704.0,60134328216.0,2.5892104085379866,1.476199947818579,1.5383400194083285,1.2608260113284802
PNJ,,Q4 2010,2010,4,2781172878835.0,139712205332.0,31617702548.0,38868376186.0,34278789374.0,5.023499488119695,1.1368477949937537,1.3975534020841416,1.2325299744889995
PNJ,,Q1 2011,2011,1,3737232654547.0,224676333917.0,118734756180.0,122052193866.0,93566249880.0,6.011836957585228,3.177076921757555,3.265844145868255,2.503623898452247
PNJ,,Q2 2011,2011,2,4542449064835.0,140646330653.0,55730618018.0,62437171400.0,54352509040.0,3.0962665435657195,1.2268848196765496,1.3745266156829865,1.1965463621984345
PNJ,,Q3 2011,2011,3,6498272187352.0,196980653713.0,66122520511.0,69871061106.0,50200997981.0,3.0312773616407753,1.0175400260964518,1.0752252151270993,0.772528397297814
PNJ,,Q4 2011,2011,4,3189191795678.0,183616689970.0,54126586741.0,53695056085.0,48675127065.0,5.757467776595869,1.6971881971586806,1.6836571622242245,1.5262527368521592
PNJ,,Q1 2012,2012,1,2035888581336.0,206029654826.0,105202180292.0,117339287138.0,93404681622.0,10.119888520166379,5.167383974567201,5.763541689545657,4.587907338264334
PNJ,,Q2 2012,2012,2,1626068817331.0,123993715548.0,29914061489.0,43466145338.0,39919463729.0,7.625367034066925,1.8396553190227458,2.673081537185157,2.4549676682517707
PNJ,,Q3 2012,2012,3,1518868445324.0,154772519265.0,109339711662.0,109461176009.0,87363484925.0,10.189988457623429,7.1987611566106375,7.206758185410199,5.75187964395191
PNJ,,Q4 2012,2012,4,1535944587432.0,112121439419.0,29288060282.0,33720982747.0,29281751432.0,7.299836226934449,1.9068435490220217,2.1954556839436052,1.9064328017820744
PNJ,,Q1 2013,2013,1,1769122014845.0,176358602419.0,87912227495.0,87970886764.0,65940053237.0,9.968707694503,4.96925744845826,4.972573176175612,3.7272756024562432
PNJ,,Q2 2013,2013,2,2049511301182.0,136656296093.0,30344432468.0,30529568690.0,23616414568.0,6.66775030780202,1.4805691703431776,1.489602358981524,1.1522949180314288
PNJ,,Q3 2013,2013,3,2551707560185.0,153100124917.0,46891045090.0,46696018583.0,32567171237.0,5.9999087397734625,1.8376339758385314,1.8299909955047715,1.2762893266122888
PNJ,,Q4 2013,2013,4,2540912781903.0,204129857739.0,72463791990.0,73621108286.0,46282901100.0,8.033721550494082,2.85188033631476,2.8974276020156013,1.8215068785374335
PNJ,,Q1 2014,2014,1,2453691255579.0,242158580819.0,106677375476.0,106882716698.0,78589021005.0,9.86915449400571,4.347628302193515,4.355996968036583,3.2028895577758933
PNJ,,Q2 2014,2014,2,2470907523330.0,200813101567.0,77408843193.0,77598665042.0,59178322524.0,8.127099038347158,3.132810210908963,3.140492483402276,2.3950035347436387
PNJ,,Q3 2014,2014,3,2347175457177.0,214760426928.0,77275530137.0,77592848348.0,46853538960.0,9.149738945647341,3.2922775287511317,3.305796680463021,1.9961668743908816
PNJ,,Q4 2014,2014,4,1927443861466.0,231503446600.0,72521461318.0,72891281295.0,57819019078.0,12.010904765024915,3.7625719102833273,3.78175897893905,2.9997770743902894
PNJ,,Q1 2015,2015,1,2137062856871.0,294721192401.0,151588811528.0,148032043381.0,114525068239.0,13.790946366103555,7.093324889374107,6.926892342218818,5.358993904684812
PNJ,,Q2 2015,2015,2,1717843429966.0,260517420612.0,-7828691029.0,-7316355474.0,-5863995687.0,15.16537631238932,-0.45572785577757496,-0.42590351055129666,-0.3413579831961788
PNJ,,Q3 2015,2015,3,1795232157798.0,263332420645.0,57334549328.0,57461433407.0,44605629248.0,14.668432687168377,3.1937122493575174,3.2007800861522653,2.484671915787899
PNJ,,Q4 2015,2015,4,2011500326537.0,352156636030.0,-101646458.0,207121265.0,-136423668.0,17.507162757277452,-0.005053265796630249,0.010296854654584126,-0.006782184730482598
PNJ,,Q1 2016,2016,1,2330022434984.0,421350286689.0,154602089311.0,155130214377.0,123801600650.0,18.083529169619062,6.635218914193057,6.657885007792435,5.313322257811228
PNJ,,Q2 2016,2016,2,1608183972568.0,291232797788.0,108730340853.0,151082939396.0,120731255236.0,18.10942048644783,6.761063579024226,9.394630339136254,7.507303722422531
PNJ,,Q3 2016,2016,3,1982117704397.0,317497578969.0,139262627115.0,139415839300.0,111248886825.0,16.018099140363066,7.025951425895087,7.033681147730482,5.612627674845584
PNJ,,Q4 2016,2016,4,2644266378268.0,381212535452.0,144584430751.0,144998770507.0,94329407210.0,14.416570833597142,5.4678466564213215,5.483516021633739,3.5673186326933504
PNJ,,Q1 2017,2017,1,3130971057715.0,550857720051.0,311240665381.0,311075206371.0,248739097079.0,17.59382983415436,9.940707200536856,9.935422609687885,7.944471299601574
PNJ,,Q2 2017,2017,2,2345039576564.0,400115273764.0,156099534233.0,161600632878.0,128945315857.0,17.062197063226417,6.656584212609334,6.8911686818855555,5.498641351116697
PNJ,,Q3 2017,2017,3,2279274070074.0,396176623988.0,157653947990.0,158065416670.0,126078968097.0,17.381701884369594,6.916849099453912,6.934901719163074,5.531540491438428
PNJ,,Q4 2017,2017,4,3221663263361.0,565248757113.0,277139310212.0,277368980177.0,221845744364.0,17.545246380694184,8.602367397108859,8.609496322332424,6.886062453732656
PNJ,,Q1 2018,2018,1,4139453113529.0,770022512523.0,419831560414.0,420754514350.0,336260260434.0,18.602034892153522,10.14219871320349,10.16449523186639,8.123301586265068
PNJ,,Q2 2018,2018,2,3217439763256.0,582902072950.0,226747416693.0,227534526488.0,180436267105.0,18.116953722238826,7.047448697641974,7.071912552536447,5.608069781620442
PNJ,,Q3 2018,2018,3,3150849210374.0,600019811312.0,221675642670.0,221139298315.0,177687880949.0,19.04311413369029,7.035425305030307,7.01840308913898,5.639364789783411
PNJ,,Q4 2018,2018,4,4064947169926.0,826103737471.0,334796299344.0,336406839240.0,265778528957.0,20.322619284767697,8.236178364652517,8.275798557207919,6.538302168434782
PNJ,,Q1 2019,2019,1,4783491589696.0,1049353772441.0,543269729714.0,543238044432.0,428746315280.0,21.936983744288103,11.357179573269113,11.356517185107538,8.963041059872495
PNJ,,Q2 2019,2019,2,2961828580037.0,635733604972.0,210393786832.0,210066983171.0,169151564268.0,21.46422683800486,7.103509914451959,7.09247606653778,5.711051794425149
PNJ,,Q3 2019,2019,3,3934018649882.0,753055007330.0,267708621313.0,268027888640.0,207993358183.0,19.14213109672441,6.80496573957599,6.813081291519536,5.2870455555476
PNJ,,Q4 2019,2019,4,5321342260908.0,1022571107518.0,480805854372.0,481341318478.0,384803198848.0,19.2164130285338,9.035424349682,9.045486925621413,7.2313183400148295
PNJ,,Q1 2020,2020,1,5000890417625.0,1049556421645.0,511930363724.0,511700795331.0,408262169783.0,20.98739092434364,10.236784271852203,10.232193721493593,8.163789559237934
PNJ,,Q2 2020,2020,2,2744802199607.0,473497362511.0,42796113411.0,42690872963.0,31660485158.0,17.250691600975664,1.5591693061571992,1.5553351337707493,1.1534705547282473
PNJ,,Q3 2020,2020,3,3922373882414.0,734330054636.0,260252360280.0,256095727112.0,202085876099.0,18.7215721053104,6.635072741200014,6.529100355787285,5.15213190167959
PNJ,,Q4 2020,2020,4,5842951745863.0,1177381882095.0,534153466244.0,535493073309.0,427301574221.0,20.150463897440616,9.141842847191029,9.164769736257817,7.313111468420792
PNJ,,Q1 2021,2021,1,7181771463337.0,1325119610379.0,649124339336.0,648288049259.0,512612208810.0,18.451152576265425,9.038498964354197,9.026854343228765,7.13768478190777
PNJ,,Q2 2021,2021,2,4455408501572.0,835069023577.0,270822962372.0,273211431261.0,222657103800.0,18.74281613644098,6.07852147062263,6.132129773613417,4.997456545711577
PNJ,,Q3 2021,2021,3,876967240018.0,155883675457.0,-193439660121.0,-193509376194.0,-159528391064.0,17.775313414649382,-22.0577977481838,-22.065747426326684,-18.19091794816938
PNJ,,Q4 2021,2021,4,7098904871509.0,1256825800845.0,578409510489.0,559359481372.0,457177492495.0,17.70450264644607,8.147869579298202,7.879517918558868,6.440112957843012
PNJ,,Q1 2022,2022,1,10142717252585.0,1760791712066.0,913199342052.0,913285975874.0,721072652231.0,17.360157719246683,9.003497971110844,9.004352119164492,7.109265044800746
PNJ,,Q2 2022,2022,2,8067775561768.0,1449185802291.0,503059657584.0,476997372679.0,367034289466.0,17.962643992706962,6.235419586632102,5.912377817491853,4.549386465400964
PNJ,,Q3 2022,2022,3,7363979895138.0,1247912087007.0,328730095555.0,329630611085.0,252270411779.0,16.94616368834633,4.4640276078434304,4.476256260594024,3.4257346621160556
PNJ,,Q4 2022,2022,4,8301981849662.0,1468904662589.0,591387898355.0,591324894516.0,466418918591.0,17.69342175385271,7.123454484293738,7.122695583104349,5.6181635546455615
PNJ,,Q1 2023,2023,1,9795686496433.0,1899952097114.0,941236349092.0,943169280848.0,748593747032.0,19.395803426394345,9.608681835976904,9.628414314723583,7.642075390066768
FRT,,Q2 2017,2017,2,3021371667108.0,429924677788.0,73608636017.0,80517647660.0,64434405497.0,14.229453544836998,2.4362655153729165,2.664936874087721,2.132620961481227
FRT,,Q3 2017,2017,3,2875927062960.0,419570038416.0,71114390894.0,77927200636.0,62341760509.0,14.58903613446179,2.472746677407274,2.709637585724957,2.1677100685869197
FRT,,Q4 2017,2017,4,3948922805432.0,553653409156.0,136833730334.0,144030531320.0,114663352812.0,14.02036546256143,3.465090027735571,3.647337221225916,2.903661541681015
FRT,,Q1 2018,2018,1,3884306627892.0,488397968128.0,73026187002.0,79853214234.0,63882571387.0,12.5736203373072,1.8800314701630818,2.0557906953225284,1.6446325562528736
FRT,,Q2 2018,2018,2,3563845732591.0,497635607749.0,95248019349.0,103309530471.0,82647624377.0,13.963444129979418,2.672619032803994,2.8988216163860585,2.319057293114459
FRT,,Q3 2018,2018,3,3552666881068.0,494759709607.0,92143881677.0,101103748136.0,80882998509.0,13.926431218292713,2.593653859528191,2.8458550019079265,2.276684001531971
FRT,,Q4 2018,2018,4,4265804180230.0,562801337876.0,142370371114.0,150508705525.0,120350164564.0,13.193323324223835,3.3374802287882748,3.528261006975829,2.8212772897960607
FRT,,Q1 2019,2019,1,4017654442132.0,479349143676.0,74740456571.0,80360959525.0,64367544951.0,11.93106949789414,1.8603007711966983,2.0001959024220066,1.6021175010970543
FRT,,Q2 2019,2019,2,3985175774305.0,543952008367.0,112745814366.0,120444550991.0,96922760936.0,13.649385602366893,2.8291302755814445,3.0223146433736687,2.432082458217366
FRT,,Q3 2019,2019,3,4424252617459.0,554709464385.0,84077027551.0,91051652376.0,73096077338.0,12.537924760353958,1.9003667923304144,2.0580120587303643,1.6521678045586283
FRT,,Q4 2019,2019,4,4206876913266.0,511113091497.0,-20674230824.0,-13854503639.0,-20270940696.0,12.149466267607018,-0.4914389284555893,-0.3293299025533905,-0.4818524790225607
FRT,,Q1 2020,2020,1,4092967226685.0,563531579695.0,42544035736.0,46997871500.0,36885276553.0,13.768289568040807,1.039442374681742,1.148259169865496,0.9011867066151502
FRT,,Q2 2020,2020,2,3204212185603.0,463009451544.0,-22687695646.0,-20665855302.0,-17694106129.0,14.450024677653062,-0.7080584659136863,-0.6449590134777824,-0.5522139329131273
FRT,,Q3 2020,2020,3,3432170739148.0,476225676449.0,-13187444929.0,-8491146049.0,-235767714.0,13.875349236478193,-0.3842304457229201,-0.24739870753364201,-0.0068693468920641996
FRT,,Q4 2020,2020,4,3937217682242.0,538678084138.0,7650320286.0,10586508340.0,5763193535.0,13.681694221978006,0.19430778035223137,0.2688829827151351,0.14637731515312663
FRT,,Q1 2021,2021,1,4664985527008.0,585487537101.0,37744293899.0,38668468616.0,30931535097.0,12.550682820156926,0.8090977706249863,0.8289086513158154,0.6630574718382606
FRT,,Q2 2021,2021,2,4359296122542.0,604922717569.0,34951365971.0,37493741470.0,30097027454.0,13.876614493815495,0.8017662711708399,0.8600870511209178,0.6904102544988334
FRT,,Q3 2021,2021,3,4993258547229.0,694657139350.0,59071437792.0,60906111169.0,47449901840.0,13.911900070455971,1.1830238156760697,1.2197668234664063,0.950279289389736
FRT,,Q4 2021,2021,4,8477421211303.0,1266445867580.0,414428422689.0,417071944325.0,335253703231.0,14.939046155822004,4.888614265579253,4.919797352630247,3.954666105112296
FRT,,Q1 2022,2022,1,7785636263467.0,1232757342574.0,202556157284.0,203949391656.0,164586799706.0,15.833739219985654,2.601664789228161,2.6195597219588045,2.113980079936438
FRT,,Q2 2022,2022,2,6213196404788.0,943196667139.0,55539900067.0,59053034221.0,46687414644.0,15.180538416782637,0.8939022114961627,0.9504453162866809,0.7514234478089546
FRT,,Q3 2022,2022,3,7709148116410.0,1196613947804.0,102857241903.0,105769867333.0,84543692032.0,15.52199970392111,1.3342231897718242,1.3720046071997767,1.0966671123108522
FRT,,Q4 2022,2022,4,8457819972006.0,1330609421740.0,113014564517.0,116851120761.0,94542948196.0,15.73229775691726,1.3362138812490656,1.3815749347675652,1.1178169848604214
FRT,,Q1 2023,2023,1,7752868462832.0,1186380536625.0,-1968199749.0,2070443499.0,-5074297215.0,15.302472140635725,-0.025386729549659454,0.026705515628517446,-0.06545057792901647
DGW,,Q1 2014,2014,1,1005577162937.0,51413920102.0,29562475184.0,37516423087.0,29262810008.0,5.112876663968264,2.939851487642834,3.730834834934535,2.9100511712628596
DGW,,Q2 2014,2014,2,1085852394962.0,64925661194.0,39237023869.0,40463210452.0,31462029464.0,5.979234516149141,3.6134767534746857,3.7264006268012175,2.8974499305774457
DGW,,Q3 2014,2014,3,1344634126353.0,84829411275.0,58011332356.0,59437717980.0,72414741247.0,6.308735559544335,4.314283805464758,4.420363637594909,5.385460611758215
DGW,,Q1 2015,2015,1,932873513617.0,70474970581.0,35989369117.0,39939439959.0,31152763168.0,7.554611590133983,3.857904484548993,4.281334969426253,3.3394412761503336
DGW,,Q2 2015,2015,2,1159248971169.0,75591269486.0,35712836082.0,36851877445.0,28587153997.0,6.520710508785088,3.080687321722336,3.178944157943754,2.4660064151855474
DGW,,Q3 2015,2015,3,1166618327419.0,55141022560.0,33135003852.0,33056998021.0,25784458456.0,4.726569201256486,2.8402608696631,2.8335743785317136,2.210188015222164
DGW,,Q4 2015,2015,4,945329450295.0,63023842539.0,24497225204.0,24221404820.0,18618852831.0,6.666865453026218,2.591395539021384,2.5622183686799826,1.9695623388428014
DGW,,Q1 2016,2016,1,811100211275.0,62039538068.0,25999120355.0,25874151839.0,20673978897.0,7.648812958694418,3.205414077519592,3.1900067931590614,2.5488809655839897
DGW,,Q2 2016,2016,2,939097421880.0,51308028056.0,13679026799.0,14651045774.0,11526034763.0,5.463546897326724,1.4566142426006934,1.5601199015827076,1.22735240183343
DGW,,Q3 2016,2016,3,1040331185693.0,57845512578.0,29057325453.0,29867908660.0,23770332208.0,5.560297852598462,2.793084149798309,2.871000030639663,2.2848812507880143
DGW,,Q4 2016,2016,4,1009444164727.0,70332622812.0,12108450471.0,14690755996.0,11469302762.0,6.967460437103143,1.1995166145989542,1.4553312119024486,1.1361998179564319
DGW,,Q1 2017,2017,1,761491640512.0,43882019296.0,10699963652.0,10764556421.0,8585952739.0,5.7626396616114235,1.4051321226331157,1.413614522906948,1.1275176616813691
DGW,,Q2 2017,2017,2,790523437640.0,58067963813.0,24095378013.0,26017744498.0,20413855017.0,7.345508184596524,3.048028289323523,3.2912046954195855,2.5823212880243984
DGW,,Q3 2017,2017,3,1143954386641.0,82866824109.0,36817004996.0,36854407191.0,27771383507.0,7.243892333183174,3.218397990859233,3.2216675438621127,2.4276652838008057
DGW,,Q4 2017,2017,4,1124114717567.0,89579304165.0,21679499850.0,25777423198.0,22400211676.0,7.968875664121073,1.9285842904825994,2.293131011912368,1.9926980161315155
DGW,,Q1 2018,2018,1,1264516678328.0,72267309179.0,23104573579.0,23965676097.0,19054556741.0,5.715014314762146,1.8271466066821587,1.895243970106308,1.5068648019885968
DGW,,Q2 2018,2018,2,1372618633554.0,81720353681.0,29261416090.0,29066390766.0,23047331669.0,5.95360952294584,2.1317950503291656,2.1175867830630395,1.6790775751984062
DGW,,Q3 2018,2018,3,1742150729614.0,103348213389.0,44427784947.0,45836386965.0,36628490394.0,5.932219964221946,2.5501688339472013,2.631023032958563,2.1024868727699353
DGW,,Q4 2018,2018,4,1560720282337.0,111867455838.0,41708491793.0,41957365883.0,32303006229.0,7.167681301001054,2.6723873755613856,2.688333480242446,2.069749883728681
DGW,,Q1 2019,2019,1,1371794378551.0,80721212576.0,29196647919.0,31120398428.0,25027886407.0,5.884352191416928,2.1283545388077663,2.268590607644265,1.8244634034319689
DGW,,Q2 2019,2019,2,2002154246761.0,121113562588.0,45392746121.0,45021979034.0,33460073426.0,6.049162435108702,2.267195257030494,2.2486768492904403,1.6712035788516437
DGW,,Q3 2019,2019,3,2614547701509.0,179142405834.0,68567176917.0,67342982108.0,51981421085.0,6.851755113536733,2.622525375131848,2.5757029435390546,1.9881611284046814
DGW,,Q4 2019,2019,4,2499806499592.0,166203992296.0,68001541632.0,66957440057.0,50112476421.0,6.648674300315909,2.7202722147933733,2.6785049189978625,2.0046542174035866
DGW,,Q1 2020,2020,1,2310715146381.0,143263968037.0,53878844545.0,53760473817.0,44958325184.0,6.199983942693128,2.3316956496946006,2.3265729616737345,1.9456454965646852
DGW,,Q2 2020,2020,2,2581976203261.0,165543355314.0,63581856132.0,63556201540.0,48445215426.0,6.411498103852431,2.4625268060835337,2.4615332031228405,1.876284350135155
DGW,,Q3 2020,2020,3,3624274283608.0,231305383620.0,98938221415.0,100998440996.0,75073702709.0,6.382115853266305,2.72987676077612,2.786721784628703,2.0714133874620386
DGW,,Q4 2020,2020,4,4017177081382.0,254527129822.0,113499104136.0,113453581118.0,84884618903.0,6.335969877992953,2.8253448089710234,2.824211599827444,2.113041501117938
DGW,,Q1 2021,2021,1,5006797483026.0,319028589981.0,135398080759.0,135045506837.0,106712927138.0,6.371909210679439,2.7042851487008486,2.697243243706782,2.1313609647639478
DGW,,Q2 2021,2021,2,4217540634983.0,305121666638.0,147012075794.0,146725539796.0,116447079766.0,7.234587477524798,3.485729919815997,3.4789360078469382,2.761018561388902
DGW,,Q3 2021,2021,3,3825124117208.0,273971126500.0,134400903948.0,134177589615.0,107215325740.0,7.162411417383614,3.5136351090772107,3.5077970153014983,2.802924100101035
DGW,,Q4 2021,2021,4,7921553518475.0,612924502182.0,407633055973.0,406942340355.0,327014414117.0,7.737428027880014,5.145872650134851,5.137153203672877,4.128160131145013
DGW,,Q1 2022,2022,1,7008700192373.0,466452646833.0,266002912937.0,265166333273.0,210838204771.0,6.6553374239149585,3.7953244629648935,3.7833881603547406,3.008235464265373
DGW,,Q2 2022,2022,2,4910163932950.0,320228149084.0,174634947495.0,172807560507.0,136884722261.0,6.521740484774583,3.5566011619917597,3.519384746960539,2.7877831398342012
DGW,,Q3 2022,2022,3,6065220871939.0,405956150214.0,227383100646.0,226853718781.0,180305973303.0,6.693179997651416,3.7489665330737996,3.740238378301247,2.9727849506222137
DGW,,Q4 2022,2022,4,4075122688973.0,469822804158.0,200036544906.0,197540063649.0,155754386747.0,11.529046853713337,4.908724477112923,4.847462977827139,3.822078465722286
DGW,,Q1 2023,2023,1,3959927213172.0,260733609931.0,105046464597.0,106597419715.0,79389136337.0,6.584303091827436,2.6527372585935782,2.691903511772198,2.0048130196162703
CTF,,Q1 2016,2016,1,738904774372.0,40216824714.0,1657277296.0,5415096588.0,4458053660.0,5.442761517975106,0.22428834587089128,0.7328544591692923,0.6033326369813931
CTF,,Q1 2017,2017,1,798222974455.0,32877554344.0,-10727564663.0,1635015845.0,2476531873.0,4.118843405434139,-1.343930832149303,0.20483197017930163,0.31025564939306505
CTF,,Q2 2017,2017,2,907175311311.0,42127670875.0,-7987079513.0,1253252821.0,2427805213.0,4.643829075784636,-0.8804339595019965,0.13814891183368602,0.2676224961955225
CTF,,Q3 2017,2017,3,884713718184.0,35085743104.0,-11191102631.0,505045308.0,474885132.0,3.9657736036939104,-1.2649405565871998,0.05708573266351932,0.05367670041047502
CTF,,Q4 2017,2017,4,843817540412.0,38069934529.0,-7046997333.0,18247022720.0,16163060516.0,4.511631093898815,-0.8351328332851735,2.1624370016165773,1.9154686578461346
CTF,,Q1 2018,2018,1,751331967983.0,45585397971.0,-2747589324.0,3052572185.0,2618698505.0,6.067277836370652,-0.36569578310052264,0.4062880743907158,0.34854080707228097
CTF,,Q2 2018,2018,2,594768929006.0,41181247954.0,-7556874085.0,5390517149.0,4778804431.0,6.9239070747733305,-1.2705562978263392,0.9063212427738674,0.8034724407992389
CTF,,Q3 2018,2018,3,776694751676.0,47977487737.0,1063667233.0,14749212619.0,12324230902.0,6.177135564965671,0.1369479104506311,1.8989715827451177,1.5867534672284074
CTF,,Q4 2018,2018,4,1276598600946.0,107690176105.0,44504314129.0,47414926853.0,38134461643.0,8.435711587432273,3.4861634734693343,3.7141609600593357,2.9871928118001345
CTF,,Q1 2019,2019,1,1443130787624.0,100908265352.0,22065651184.0,33922949641.0,25087987249.0,6.992316026888832,1.5290125727502035,2.35064970769915,1.7384416897033548
CTF,,Q2 2019,2019,2,1491782772581.0,89403833894.0,7366171283.0,23730054699.0,17029575943.0,5.993086630120981,0.493783104242145,1.5907178401010473,1.1415586944697296
CTF,,Q3 2019,2019,3,1595322062368.0,78581161742.0,-19837966781.0,-7813785219.0,-8266998463.0,4.925724002422361,-1.2435085835617241,-0.4897935911073459,-0.5182024782337032
CTF,,Q4 2019,2019,4,1795422496296.0,84068424379.0,-13220100098.0,3637487782.0,2991075768.0,4.682375571902168,-0.7363225160246898,0.2025978726179618,0.16659453550184772
CTF,,Q1 2020,2020,1,1100246569764.0,71254280500.0,1492451573.0,1589847350.0,499662961.0,6.476210193073709,0.13564700986253717,0.14449918715411383,0.04541372586211983
CTF,,Q2 2020,2020,2,1010519109161.0,45767990370.0,5906535949.0,6450113807.0,807125631.0,4.529156346978893,0.5845051217194693,0.6382970642044872,0.07987237684897708
CTF,,Q3 2020,2020,3,1545613053837.0,86073700779.0,381185650.0,2002669635.0,1356370460.0,5.568903585882714,0.024662424340536122,0.1295712164198117,0.08775614676861047
CTF,,Q4 2020,2020,4,2019600118065.0,115584243610.0,-12019107944.0,197031971.0,-1158031311.0,5.723125215537345,-0.5951231551479425,0.009755989279143952,-0.05733963375430587
CTF,,Q1 2021,2021,1,1141080861962.0,84770293251.0,10543730532.0,16658015213.0,15556599637.0,7.4289470691186645,0.9240125641815491,1.4598452895229383,1.363321404782097
CTF,,Q2 2021,2021,2,1356309253043.0,83620995667.0,3375924701.0,2978757669.0,108011352.0,6.165334010616597,0.24890523259542863,0.2196223068092246,0.007963622732622886
CTF,,Q3 2021,2021,3,341507212095.0,19124582490.0,-9132212730.0,-7175991047.0,-7412636993.0,5.600052301290771,-2.674090738516999,-2.1012707178212664,-2.1705652854376507
CTF,,Q4 2021,2021,4,1672827718747.0,104234653432.0,42492593411.0,51223594185.0,39321115964.0,6.231045329047691,2.5401655493148017,3.0620962105630376,2.3505777387197253
CTF,,Q1 2022,2022,1,972605098997.0,82112877907.0,13029179032.0,16527562568.0,13599272789.0,8.442571192735777,1.339616566419028,1.6993086490132598,1.398231697841628
CTF,,Q2 2022,2022,2,1591379523240.0,119610602758.0,19533869887.0,28811241756.0,22249985117.0,7.516158214382227,1.2274802837245034,1.8104569862342577,1.3981570575760403
CTF,,Q3 2022,2022,3,1486023708171.0,136506821337.0,33753085517.0,47167576362.0,38099626159.0,9.186045995525387,2.2713692474357186,3.1740796666059867,2.5638639511272046
CTF,,Q4 2022,2022,4,2246749388881.0,202983606709.0,52646624030.0,52457692080.0,34915935403.0,9.034545985126385,2.3432352664940885,2.33482614214159,1.5540645332228167
CTF,,Q1 2023,2023,1,1626859099034.0,99258995266.0,6674231246.0,13653758473.0,10697977019.0,6.101265642792189,0.4102525688895271,0.8392711133439497,0.6575847303157519
SVC,,Q1 2007,2007,1,348384827089.0,21206702139.0,9414716906.0,10447122536.0,8872219360.0,6.087148604087296,2.7023900508717826,2.9987306345379756,2.546672148191305
SVC,,Q2 2007,2007,2,327579422860.0,22537749050.0,27666985388.0,28791197475.0,24734153946.0,6.880086927692074,8.44588623621339,8.789073875163613,7.55058230765942
SVC,,Q3 2007,2007,3,408368919189.0,26827814305.0,23224827847.0,24528923469.0,19451921649.0,6.569504446684797,5.687217306626404,6.006559832641818,4.763320795233518
SVC,,Q4 2007,2007,4,750743637137.0,40623494319.0,17791931468.0,20398630442.0,13466539803.0,5.411100715274766,2.3699077272037172,2.717123320524066,1.7937600982347783
SVC,,Q1 2008,2008,1,526948572643.0,35646122740.0,8645874235.0,9508940871.0,3553171929.0,6.76463028663515,1.640743458443231,1.8045292016460532,0.674291973347316
SVC,,Q2 2008,2008,2,663391342742.0,47433783509.0,20401744323.0,22389507806.0,11212119160.0,7.150196340057984,3.0753709022902425,3.3750075352893956,1.6901214166674032
SVC,,Q3 2008,2008,3,494001799874.0,39143994819.0,13043126382.0,13557012831.0,7261097409.0,7.92385672055933,2.6402993643599633,2.744324582310803,1.4698524197385545
SVC,,Q4 2008,2008,4,523176733852.0,49417670396.0,-84760095105.0,21520436931.0,8480777762.0,9.445693433680027,-16.201044431187864,4.113416277622135,1.6210158467022167
SVC,,Q1 2009,2009,1,579982431942.0,53565772134.0,12355249959.0,16121469150.0,6011770962.0,9.235757702977585,2.130280035833148,2.779647841404306,1.0365436314804093
SVC,,Q2 2009,2009,2,557117522224.0,69674029785.0,54766905079.0,56760220415.0,40853111230.0,12.506163781541623,9.830404339172786,10.188195156457212,7.332943158369054
SVC,,Q3 2009,2009,3,826670474758.0,56161471654.0,18810013855.0,19455120118.0,7794591030.0,6.793695114179654,2.2753944200688254,2.3534311085315225,0.9428897327295732
SVC,,Q4 2009,2009,4,1117001472659.0,79594222369.0,36567104586.0,33391453557.0,20055724260.0,7.125704335870527,3.273684545728729,2.9893831274467617,1.795496671303194
SVC,,Q1 2010,2010,1,761334986152.0,51214995041.0,11044398326.0,17171354222.0,9667254122.0,6.726998755154405,1.4506621299280464,2.255426919073932,1.2697766814659348
SVC,,Q2 2010,2010,2,933395609704.0,55863974397.0,19866780321.0,23960085346.0,18096427610.0,5.98502647925628,2.1284415862316073,2.566980720382675,1.9387735941610833
SVC,,Q3 2010,2010,3,1042095315199.0,61288302123.0,17903514615.0,18964713268.0,14712709345.0,5.881256851375087,1.7180304290669535,1.819863595143259,1.411839121663304
SVC,,Q4 2010,2010,4,1456205932572.0,104243062988.0,34939229103.0,47332157491.0,35663460265.0,7.158538545704342,2.399332973550599,3.250375268517163,2.4490670905323118
SVC,,Q1 2011,2011,1,1255771596455.0,90572029972.0,5292421284.0,15651463126.0,1853884569.0,7.212460468741427,0.4214477615945704,1.2463622501244287,0.14762912095109113
SVC,,Q2 2011,2011,2,1201697178476.0,87242096429.0,6921164942.0,14955048827.0,16767931697.0,7.259906904303544,0.5759491713858782,1.2444939619452289,1.3953541705294839
SVC,,Q3 2011,2011,3,1839210693326.0,110602756982.0,5812787899.0,41578376615.0,22986374558.0,6.01359906090953,0.3160479612310346,2.2606641406488515,1.2497956129448007
SVC,,Q4 2011,2011,4,1874818164484.0,112454024395.0,12890190656.0,39503852695.0,11832179771.0,5.99812966000094,0.6875435122289699,2.1070764857813566,0.6311107922434991
SVC,,Q1 2012,2012,1,1145031290307.0,104775184180.0,-15515566284.0,4713031009.0,1788222390.0,9.1504210467391,-1.355034261102161,0.4116071804235469,0.1561723601038493
SVC,,Q2 2012,2012,2,1131369646487.0,87055937366.0,-25744370960.0,18926168722.0,23197802069.0,7.694738641461363,-2.2755048307985355,1.672854560025309,2.050417574930631
SVC,,Q3 2012,2012,3,1298861852995.0,94484907762.0,-18413464908.0,12591397007.0,14529519071.0,7.274438582065565,-1.4176615369479855,0.9694177235220157,1.118634675234852
SVC,,Q4 2012,2012,4,1945130467240.0,119212494288.0,-34394999440.0,24419611626.0,9481283322.0,6.128765977181672,-1.768261821984827,1.2554228128794709,0.4874368831132062
SVC,,Q1 2013,2013,1,1371073911449.0,100919424469.0,9744122074.0,18200393864.0,12320431082.0,7.36061153423485,0.710692690790248,1.3274553408112895,0.8985971492214688
SVC,,Q2 2013,2013,2,1592028897469.0,96331505591.0,10249591073.0,28767443924.0,8703224617.0,6.050864135955533,0.6438068485625325,1.8069674469938548,0.5466750403109105
SVC,,Q3 2013,2013,3,1599177944329.0,101906488173.0,15150655718.0,22805299940.0,12262867215.0,6.372429568227882,0.9474027434987589,1.4260639362162344,0.7668231830289145
SVC,,Q4 2013,2013,4,2027508652633.0,96660301453.0,8838607684.0,16372429901.0,7228720354.0,4.7674421180631334,0.4359344002069657,0.8075146747086943,0.35653215805577493
SVC,,Q1 2014,2014,1,1593483576264.0,98279989501.0,8312582777.0,19933756017.0,9591838027.0,6.167618603978475,0.5216610262459846,1.2509545949469818,0.6019414426277635
SVC,,Q2 2014,2014,2,1795243613251.0,127911743396.0,43212357808.0,31290557185.0,10052920073.0,7.125035424265628,2.407047015181795,1.742969976555775,0.5599752590009333
SVC,,Q3 2014,2014,3,2022322127375.0,120725176746.0,20608253249.0,29892059746.0,13981104851.0,5.96963140104207,1.0190391021310623,1.4781057548334438,0.6913391621317843
SVC,,Q4 2014,2014,4,2518943521484.0,150624581981.0,26157422385.0,37659547800.0,18598188262.0,5.9796728547633995,1.038428299876677,1.495053282409977,0.7383328805658628
SVC,,Q1 2015,2015,1,1856626247652.0,124805432339.0,22019762095.0,31103821801.0,10425783317.0,6.722162443670952,1.1860094148107354,1.6752871958120672,0.561544539736259
SVC,,Q2 2015,2015,2,2224084611084.0,131052966534.0,48239723442.0,55735595007.0,30462387472.0,5.892445183105057,2.1689697955550518,2.5060015580897774,1.3696595588219502
SVC,,Q3 2015,2015,3,2721536799589.0,89158706795.0,47792465754.0,60565002353.0,19005486592.0,3.276042668556403,1.7560837597793095,2.225397149219014,0.6983365646523745
SVC,,Q4 2015,2015,4,3125912025325.0,145354138940.0,43761957469.0,51949136684.0,26575438057.0,4.649975359587658,1.3999740592331638,1.6618873552143192,0.850165898518432
SVC,,Q1 2016,2016,1,2731157220218.0,149393745424.0,29200000047.0,40419050288.0,18192463591.0,5.469979696448067,1.0691438717200348,1.479923967349407,0.6661082509760418
SVC,,Q2 2016,2016,2,3302770526592.0,154311506777.0,28850208018.0,44597795050.0,24415118818.0,4.67218371771738,0.8735153649251377,1.3503146734211269,0.7392314610241181
SVC,,Q3 2016,2016,3,3350418725867.0,166572154446.0,29346740416.0,49780208067.0,26496928362.0,4.971681693394771,0.8759126192027188,1.4857906470815285,0.7908542343507614
SVC,,Q4 2016,2016,4,4286468305368.0,243619850052.0,52873404518.0,75498939567.0,52361802709.0,5.6834632311852555,1.2334957534104696,1.7613320381361899,1.2215604777347038
SVC,,Q1 2017,2017,1,3149750316859.0,170770750959.0,15239654126.0,47577362978.0,20563134631.0,5.421723431376502,0.4838368947668626,1.51051220547047,0.6528496725894771
SVC,,Q2 2017,2017,2,3572606231389.0,174016006725.0,-10390646558.0,41494877055.0,19578073105.0,4.870842053515201,-0.290842199924177,1.1614735676835881,0.548005345033175
SVC,,Q3 2017,2017,3,3460251427146.0,171672687566.0,-15552943581.0,26568681771.0,10787042557.0,4.961277848748548,-0.4494743780462219,0.7678251806376316,0.31174158248659706
SVC,,Q4 2017,2017,4,3622482104224.0,202095899109.0,-233975985.0,57892189150.0,30491441016.0,5.578934368601733,-0.006458996297791837,1.5981359599401397,0.8417278578255891
SVC,,Q1 2018,2018,1,2985214928031.0,208887926449.0,38211512648.0,70187093443.0,31151802520.0,6.997416651228497,1.2800255113692502,2.3511571238622433,1.0435363372829984
SVC,,Q2 2018,2018,2,3156192917454.0,224731214587.0,46090357245.0,65065467871.0,35303111800.0,7.1203256728769135,1.4603149569887388,2.061517453866104,1.1185346625921047
SVC,,Q3 2018,2018,3,3490257695779.0,250475609028.0,74859375174.0,94131985676.0,46040556362.0,7.176421653074979,2.1448094008798377,2.696992425225222,1.319116247997387
SVC,,Q4 2018,2018,4,5224986853842.0,338231442975.0,102549996886.0,132901545014.0,60548047488.0,6.47334533916184,1.9626843043747308,2.5435766391694514,1.1588172215874235
SVC,,Q1 2019,2019,1,4214807078941.0,273529051553.0,65895864148.0,95504193185.0,48205182085.0,6.489717000801044,1.5634372561734617,2.2659208688857975,1.1437102857175587
SVC,,Q2 2019,2019,2,4362063906256.0,256202761012.0,18248799115.0,43923159298.0,20439977017.0,5.873429791905576,0.41835240168828963,1.006935254547879,0.4685849968333871
SVC,,Q3 2019,2019,3,4496237617378.0,233185200792.0,12614029179.0,54078565509.0,35487500557.0,5.186229479748513,0.28054632011098923,1.2027515027227618,0.7892710211720235
SVC,,Q4 2019,2019,4,5216738389128.0,289837235222.0,38469985596.0,81805817283.0,48638598771.0,5.555908953112129,0.7374336745767008,1.5681410716989048,0.932356486811104
SVC,,Q1 2020,2020,1,3145733290498.0,200668970094.0,-27125894294.0,11442368450.0,10019886831.0,6.379084034242209,-0.8623075063590566,0.36374248524383207,0.31852308844065275
SVC,,Q2 2020,2020,2,3107025937290.0,165977958348.0,-7987344199.0,17341680431.0,11677197406.0,5.342020366034303,-0.2570736247527658,0.5581440509674568,0.3758319898734108
SVC,,Q3 2020,2020,3,3900572379823.0,226212639340.0,42630526397.0,74645019435.0,45049632447.0,5.799472931464102,1.0929300175923025,1.9136939958126666,1.1549492756507767
SVC,,Q4 2020,2020,4,5975964023246.0,354197933267.0,132224353002.0,154281336135.0,86220280466.0,5.927042597465442,2.212602895326316,2.581697873930608,1.4427844634039015
SVC,,Q1 2021,2021,1,3536627629850.0,270140902604.0,92890753483.0,113190036739.0,60795556432.0,7.638375618737604,2.6265347445396676,3.200507618717008,1.7190262248383368
SVC,,Q2 2021,2021,2,3523361370613.0,220879712770.0,43060580475.0,59487118521.0,37329844976.0,6.269005348479796,1.2221448765985718,1.6883626816471093,1.0594952106631428
SVC,,Q3 2021,2021,3,1668082604240.0,60389387427.0,-63621061108.0,-54344455755.0,-29768737990.0,3.62028758488937,-3.8140234150446393,-3.257899555865223,-1.784608143165849
SVC,,Q4 2021,2021,4,5394157107892.0,354314411161.0,124402557179.0,132704560531.0,75499598474.0,6.568485197485538,2.30624645687444,2.4601537900489525,1.3996551632420795
SVC,,Q1 2022,2022,1,4217791858292.0,327464008588.0,93080371937.0,112008008598.0,55155848117.0,7.76387312579732,2.206850766094774,2.6556077767990613,1.3076948785077183
SVC,,Q2 2022,2022,2,5188682051680.0,438533408062.0,175263987944.0,189940592932.0,92325063429.0,8.451730202277686,3.3778132134200196,3.660671265654073,1.7793548055060888
SVC,,Q3 2022,2022,3,5023040779019.0,439556443063.0,177334149663.0,188742778233.0,98440924493.0,8.750803793968908,3.530414294140637,3.757540233823494,1.959787483792348
SVC,,Q4 2022,2022,4,7029013300232.0,502010832857.0,178348452020.0,197484220492.0,83135333933.0,7.141981547259707,2.537318459962416,2.809558213319668,1.1827454349852493
SVC,,Q1 2023,2023,1,4791726950933.0,322538720787.0,-2993439346.0,24274571328.0,2999992482.0,6.731158183464488,-0.062470991704090026,0.506593375970087,0.06260775108264192
PET,,Q2 2006,2006,2,128553799062.0,12464096975.0,2083817071.0,2212156707.0,1592752829.0,9.695627096161282,1.6209688754472353,1.7208022813336714,1.2389776425291281
PET,,Q3 2006,2006,3,106874753508.0,9438436389.0,1169126230.0,1216816986.0,876108230.0,8.831305878327472,1.0939218025073492,1.1385448350146758,0.8197522812854204
PET,,Q4 2006,2006,4,236908004236.0,9333280390.0,1189556079.0,1220553511.0,878798528.0,3.9396222259770046,0.5021173019612302,0.5152014660442307,0.37094505558561447
PET,,Q1 2007,2007,1,230430897889.0,39875141430.0,6015560443.0,6233767366.0,6233767366.0,17.304598382985994,2.6105702395421524,2.705265406292365,2.705265406292365
PET,,Q2 2007,2007,2,431605002506.0,36348236709.0,8792691811.0,11999426116.0,11999426116.0,8.421643979553899,2.037208039746427,2.7801869872518887,2.7801869872518887
PET,,Q3 2007,2007,3,831297514327.0,63623942919.0,17703654640.0,17801962613.0,17801962613.0,7.653570691897056,2.129641233720335,2.1414670808214886,2.1414670808214886
PET,,Q4 2007,2007,4,1018203532166.0,81392693399.0,13494356565.0,16321904508.0,16321904508.0,7.993754767856213,1.3253103273265787,1.6030100065827508,1.6030100065827508
PET,,Q1 2008,2008,1,1385047334772.0,126287528003.0,50481200780.0,50578554608.0,50578554608.0,9.11792144806292,3.644727477007851,3.6517563940387645,3.6517563940387645
PET,,Q2 2008,2008,2,1422238395677.0,125610842187.0,13483557966.0,13493775440.0,13493775440.0,8.831911905121078,0.9480518882758533,0.9487702962467712,0.9487702962467712
PET,,Q3 2008,2008,3,1292288810408.0,107555957040.0,17809432829.0,18012943961.0,18012943961.0,8.322903995898761,1.378131009536268,1.393879124846169,1.393879124846169
PET,,Q4 2008,2008,4,1227475524178.0,117811845451.0,-7338672524.0,4702978668.0,4702978668.0,9.597897728339204,-0.5978671166510198,0.3831423580644861,0.3831423580644861
PET,,Q1 2009,2009,1,1835515451111.0,140865580432.0,35026979293.0,36821971693.0,32219225231.0,7.6744426393543534,1.9082911708424404,2.0060834503306637,1.7553230190189006
PET,,Q2 2009,2009,2,1932027244289.0,158017310132.0,45583282634.0,47660014596.0,41846049565.0,8.17883446515018,2.35934988850403,2.4668396751071295,2.165914051610574
PET,,Q3 2009,2009,3,1708520669701.0,109492923732.0,39039726288.0,46461915553.0,35523836795.0,6.408639103626521,2.2850016965163293,2.719423673178685,2.0792160975855714
PET,,Q4 2009,2009,4,2023627247642.0,176030639249.0,18757223488.0,18264951553.0,11512838910.0,8.69876798971337,0.9269109965709624,0.9025847805856019,0.5689209276765351
PET,,Q1 2010,2010,1,2164978651322.0,177742333748.0,54812252126.0,57890869294.0,44137429097.0,8.209888519661165,2.531768712478066,2.6739695219927513,2.0387004310665318
PET,,Q2 2010,2010,2,2364789753348.0,175347143391.0,44911292259.0,49980585399.0,34049965996.0,7.414914714627321,1.8991663929284162,2.113531882833937,1.439872865982824
PET,,Q3 2010,2010,3,2564732809344.0,195792416667.0,61909509424.0,64778869891.0,46258839316.0,7.634027839222723,2.4138775469494242,2.5257551061456947,1.8036514036653961
PET,,Q4 2010,2010,4,2790592676981.0,312482088063.0,78100772451.0,75825850458.0,59762221835.0,11.197696125292584,2.7987163119589797,2.717195206719747,2.1415601899899523
PET,,Q1 2011,2011,1,2478476563703.0,279296544806.0,75340047953.0,157618811478.0,105245633653.0,11.268879798835513,3.0397724576599274,6.359503809166853,4.2463840568157885
PET,,Q2 2011,2011,2,2216716422294.0,217589295857.0,71925239701.0,77130891674.0,60008396213.0,9.81583813196208,3.2446748252339446,3.4795109964575452,2.707084930191453
PET,,Q3 2011,2011,3,2807229906502.0,264100232711.0,99755595621.0,103119499097.0,74631469498.0,9.407859046361006,3.553524254994215,3.6733542506852936,2.65854497079635
PET,,Q4 2011,2011,4,2820103797257.0,287846414189.0,78538381243.0,69097164228.0,43085173550.0,10.20694395961512,2.7849464732252436,2.4501638661388276,1.527786799617347
PET,,Q1 2012,2012,1,2336513097169.0,198193854170.0,68038318929.0,70611160748.0,48688130858.0,8.482462795100037,2.9119596638014817,3.0220742538766387,2.0837944763499174
PET,,Q2 2012,2012,2,2869802819081.0,203486728900.0,75496166155.0,80719726168.0,46845306720.0,7.09061708166984,2.630709178102216,2.8127272588661323,1.6323528016813824
PET,,Q3 2012,2012,3,2428127702289.0,181207587534.0,51145888724.0,70667710007.0,45366676527.0,7.462852442364349,2.106392043375012,2.9103786403153933,1.8683809951277588
PET,,Q4 2012,2012,4,2526253115462.0,227051491674.0,84925429522.0,85321451842.0,34164589560.0,8.987677849235503,3.3617149842274956,3.3773912566317192,1.3523818872659557
PET,,Q1 2013,2013,1,2753093810097.0,166155061208.0,68106208829.0,70990034788.0,46453255223.0,6.035212479815421,2.473806325785913,2.5785548798825273,1.6873110190663394
PET,,Q2 2013,2013,2,2708116560689.0,193923322584.0,78105869498.0,83202083163.0,46049222284.0,7.160818902664292,2.884139871665209,3.072322822834173,1.7004150763837187
PET,,Q3 2013,2013,3,2939433994042.0,181040350138.0,69353056690.0,70609527698.0,40378981733.0,6.159020767431909,2.359401736204084,2.40214707461096,1.3736992160682975
PET,,Q4 2013,2013,4,3113517018347.0,198400163664.0,62329170917.0,55104748150.0,25625806738.0,6.372220305682889,2.001889520748187,1.7698553701580764,0.8230501579723184
PET,,Q1 2014,2014,1,2550851809011.0,141975209957.0,26499986047.0,65029635645.0,40109755467.0,5.565796078606609,1.0388681127373842,2.549330204729254,1.5724063360055047
PET,,Q2 2014,2014,2,3120813420797.0,241832370668.0,85171336702.0,89457059488.0,56649772486.0,7.749017261219042,2.7291390165916667,2.8664661236029376,1.8152245856316738
PET,,Q3 2014,2014,3,2893813895582.0,206940100957.0,67421350057.0,75196281391.0,46069345575.0,7.151119886214399,2.32984402210289,2.5985182221221113,1.59199406863497
PET,,Q4 2014,2014,4,3018610664484.0,265587815347.0,78632705200.0,82654707078.0,41124755897.0,8.7983461554622,2.6049303451142958,2.738170511702242,1.3623736370132333
PET,,Q1 2015,2015,1,2501566495913.0,185010634453.0,64418490447.0,56307787475.0,31932898066.0,7.3957911874525815,2.5751260481080713,2.250901088057996,1.2765160597638003
PET,,Q2 2015,2015,2,2864781568280.0,230886308339.0,96691953500.0,105531943643.0,68596033358.0,8.0594733956496,3.3751946246307827,3.6837692901787564,2.3944594630712004
PET,,Q3 2015,2015,3,2691622184199.0,166534142645.0,51113195242.0,53922774017.0,33412203893.0,6.187129219792744,1.8989736205198793,2.0033559811458783,1.2413407828611407
PET,,Q4 2015,2015,4,2771694543446.0,210973307852.0,56764192370.0,57491349917.0,45804896468.0,7.611708452898296,2.047995963488316,2.074231089170526,1.6525953978699097
PET,,Q1 2016,2016,1,2318098472573.0,185030111463.0,64767154987.0,66359245099.0,42796971055.0,7.981978058836462,2.793977725851782,2.862658592123733,1.8462102262418993
PET,,Q2 2016,2016,2,2480392968279.0,150224593859.0,65752813027.0,61921968728.0,43323704699.0,6.056483620949469,2.650903057212827,2.496458001611093,1.7466468117372462
PET,,Q3 2016,2016,3,2261837366851.0,160860883126.0,43306509474.0,45426275852.0,33143269661.0,7.111956212393622,1.9146606254141367,2.008379405069422,1.4653250559364082
PET,,Q4 2016,2016,4,3539135041133.0,161125115797.0,36677847560.0,38686149173.0,24420740338.0,4.552669336556829,1.0363506092228159,1.0930961583374683,0.6900200205466609
PET,,Q1 2017,2017,1,2339273813239.0,205099607299.0,60828302191.0,64209659362.0,41790546605.0,8.76766140578539,2.6003070631041716,2.7448543645728316,1.7864752030518423
PET,,Q2 2017,2017,2,2357411374313.0,150643930547.0,55231756868.0,56841519821.0,36092511638.0,6.390226677806747,2.3428985483747278,2.4111837433364736,1.5310230548335302
PET,,Q3 2017,2017,3,2843221278028.0,187711411305.0,43397742825.0,45389972714.0,27685519254.0,6.602068321435494,1.5263582599205852,1.5964277231873263,0.9737377624439455
PET,,Q4 2017,2017,4,3422053702609.0,219366218282.0,39522950183.0,34557266906.0,24471736019.0,6.4103674970019755,1.1549482742736445,1.0098399940261977,0.715118409753259
PET,,Q1 2018,2018,1,2507855638741.0,183892350307.0,56342544413.0,57321640949.0,35325946105.0,7.33265294326583,2.2466422525534697,2.285683436618256,1.4086116265741047
PET,,Q2 2018,2018,2,2346813868630.0,139303101147.0,36896695499.0,38476026638.0,26020474828.0,5.93583935262497,1.5722037436458134,1.6395005650985501,1.1087575020676854
PET,,Q3 2018,2018,3,3198980782682.0,173453824982.0,45712628809.0,48324807658.0,28289759110.0,5.422159017678677,1.4289747864841782,1.5106313835835197,0.8843366381926837
PET,,Q4 2018,2018,4,2891553348257.0,212412872357.0,33693601139.0,39191309893.0,-48706256930.0,7.345977983945564,1.1652422445987438,1.35537218832999,-1.6844322432909513
PET,,Q1 2019,2019,1,2494956918976.0,153274476462.0,52845692467.0,54438323796.0,33264076928.0,6.143371666910711,2.1181003994525627,2.1819344206689952,1.333252557388947
PET,,Q2 2019,2019,2,2370238516102.0,140484640386.0,44088797600.0,46146788314.0,28515384098.0,5.927025463118178,1.860099618687603,1.946925931736658,1.203059688056005
PET,,Q3 2019,2019,3,2518307072733.0,169748913018.0,26014843814.0,44892449130.0,27183668900.0,6.740596286130408,1.0330290573249004,1.7826439680876702,1.079442185360614
PET,,Q4 2019,2019,4,2270750977458.0,142473472150.0,5430909036.0,56276838041.0,38985946881.0,6.274288707319744,0.2391679708569211,2.47833596020288,1.7168746052745492
PET,,Q1 2020,2020,1,2845660555374.0,150727109985.0,47175322829.0,45991088056.0,30077229054.0,5.296735399461241,1.657798669623821,1.6161832081182808,1.0569506962873514
PET,,Q2 2020,2020,2,2512584383615.0,158509421751.0,33142623024.0,36724797923.0,21854208729.0,6.308620828206508,1.3190650726052748,1.4616344096735137,0.8697900405461046
PET,,Q3 2020,2020,3,4367622966499.0,171422432756.0,65091147036.0,66556130773.0,49101691610.0,3.924845026021301,1.4903105770637473,1.523852477274385,1.1242200159360125
PET,,Q4 2020,2020,4,4188886383455.0,213741826926.0,55747745176.0,59960484584.0,27630272031.0,5.102593084649515,1.3308488240738383,1.4314182600136436,0.6596090106461782
PET,,Q1 2021,2021,1,4212851130099.0,199040117995.0,74722246524.0,80606168222.0,47850561824.0,4.724594148911278,1.7736740325368217,1.9133400571908128,1.1358237057589913
PET,,Q2 2021,2021,2,3399686634916.0,187250094182.0,75490304783.0,78167873822.0,51989432750.0,5.50786335007687,2.2205077376158,2.2992670271191447,1.5292419076526023
PET,,Q3 2021,2021,3,3872631493249.0,198455067615.0,76950555794.0,79012369999.0,55056593516.0,5.12455336793492,1.9870353254148956,2.040275976083421,1.421684289144937
PET,,Q4 2021,2021,4,6025962526314.0,342020616042.0,147808214105.0,160879756179.0,43845404484.0,5.675783985520557,2.452856509803294,2.6697769107669505,0.727608316389907
PET,,Q1 2022,2022,1,4815784898222.0,199095239041.0,107144863708.0,110168368555.0,67802224848.0,4.134222006354696,2.2248681361901808,2.287651356597643,1.4079163891442235
PET,,Q2 2022,2022,2,3457628407925.0,292594833363.0,13133819062.0,17091562261.0,14350800187.0,8.462298397721481,0.3798505077033971,0.494314606561699,0.41504749770413407
PET,,Q3 2022,2022,3,4556810545308.0,225426049342.0,90245694276.0,93233141527.0,52424358738.0,4.94701386201175,1.980457457660228,2.046017507201372,1.1504616708715192
PET,,Q4 2022,2022,4,4835139895603.0,264872570983.0,-6682116891.0,2598324288.0,527850887.0,5.478074610082553,-0.1381990394337217,0.05373834768178838,0.010916972381295922
PET,,Q1 2023,2023,1,4245772970879.0,182325206672.0,49782769952.0,52295534859.0,32572251191.0,4.294275928612672,1.172525481071436,1.2317082241016124,0.7671689328281861
